@BOOK{Kopk04,
  title = {{G}uide to {\LaTeX}: tools and techniques for computer typesetting},
  publisher = {Addison Wesly},
  year = {2004},
  author = {Helmut Kopka and Patrick W. Daly},
  address = {Boston},
  edition = {4}
}

